%YAML 1.1
%TAG !u! tag:unity3d.com,2011:
--- !u!1 &1661364421414489454
GameObject:
  m_ObjectHideFlags: 0
  m_CorrespondingSourceObject: {fileID: 0}
  m_PrefabInstance: {fileID: 0}
  m_PrefabAsset: {fileID: 0}
  serializedVersion: 6
  m_Component:
  - component: {fileID: 3009415292714040660}
  m_Layer: 6
  m_Name: WheelRLM
  m_TagString: Untagged
  m_Icon: {fileID: 0}
  m_NavMeshLayer: 0
  m_StaticEditorFlags: 0
  m_IsActive: 1
--- !u!4 &3009415292714040660
Transform:
  m_ObjectHideFlags: 0
  m_CorrespondingSourceObject: {fileID: 0}
  m_PrefabInstance: {fileID: 0}
  m_PrefabAsset: {fileID: 0}
  m_GameObject: {fileID: 1661364421414489454}
  m_LocalRotation: {x: -0, y: -0, z: -0, w: 1}
  m_LocalPosition: {x: -0.982, y: -0.825, z: -1.9100001}
  m_LocalScale: {x: 1, y: 1, z: 1}
  m_Children:
  - {fileID: 2760051054271714373}
  m_Father: {fileID: 8302993151374637823}
  m_RootOrder: 1
  m_LocalEulerAnglesHint: {x: 0, y: 0, z: 0}
--- !u!1 &3702217337328987089
GameObject:
  m_ObjectHideFlags: 0
  m_CorrespondingSourceObject: {fileID: 0}
  m_PrefabInstance: {fileID: 0}
  m_PrefabAsset: {fileID: 0}
  serializedVersion: 6
  m_Component:
  - component: {fileID: 2425753949788005790}
  - component: {fileID: 5553449764287528115}
  m_Layer: 6
  m_Name: Point Light (1)
  m_TagString: Untagged
  m_Icon: {fileID: 0}
  m_NavMeshLayer: 0
  m_StaticEditorFlags: 0
  m_IsActive: 1
--- !u!4 &2425753949788005790
Transform:
  m_ObjectHideFlags: 0
  m_CorrespondingSourceObject: {fileID: 0}
  m_PrefabInstance: {fileID: 0}
  m_PrefabAsset: {fileID: 0}
  m_GameObject: {fileID: 3702217337328987089}
  m_LocalRotation: {x: 0, y: 0, z: 0, w: 1}
  m_LocalPosition: {x: 1.007, y: 1.263, z: 2.968}
  m_LocalScale: {x: 1, y: 1, z: 1}
  m_Children: []
  m_Father: {fileID: 434783188851965140}
  m_RootOrder: 1
  m_LocalEulerAnglesHint: {x: 0, y: 0, z: 0}
--- !u!108 &5553449764287528115
Light:
  m_ObjectHideFlags: 0
  m_CorrespondingSourceObject: {fileID: 0}
  m_PrefabInstance: {fileID: 0}
  m_PrefabAsset: {fileID: 0}
  m_GameObject: {fileID: 3702217337328987089}
  m_Enabled: 1
  serializedVersion: 10
  m_Type: 0
  m_Shape: 0
  m_Color: {r: 1, g: 1, b: 1, a: 1}
  m_Intensity: 4.45
  m_Range: 20
  m_SpotAngle: 101.3
  m_InnerSpotAngle: 21.80208
  m_CookieSize: 10
  m_Shadows:
    m_Type: 0
    m_Resolution: -1
    m_CustomResolution: -1
    m_Strength: 1
    m_Bias: 0.05
    m_NormalBias: 0.4
    m_NearPlane: 0.2
    m_CullingMatrixOverride:
      e00: 1
      e01: 0
      e02: 0
      e03: 0
      e10: 0
      e11: 1
      e12: 0
      e13: 0
      e20: 0
      e21: 0
      e22: 1
      e23: 0
      e30: 0
      e31: 0
      e32: 0
      e33: 1
    m_UseCullingMatrixOverride: 0
  m_Cookie: {fileID: 0}
  m_DrawHalo: 0
  m_Flare: {fileID: 0}
  m_RenderMode: 0
  m_CullingMask:
    serializedVersion: 2
    m_Bits: 4294967295
  m_RenderingLayerMask: 1
  m_Lightmapping: 4
  m_LightShadowCasterMode: 0
  m_AreaSize: {x: 1, y: 1}
  m_BounceIntensity: 1
  m_ColorTemperature: 6570
  m_UseColorTemperature: 0
  m_BoundingSphereOverride: {x: 0, y: 0, z: 0, w: 0}
  m_UseBoundingSphereOverride: 0
  m_UseViewFrustumForShadowCasterCull: 1
  m_ShadowRadius: 0
  m_ShadowAngle: 0
--- !u!1 &3879456032769213087
GameObject:
  m_ObjectHideFlags: 0
  m_CorrespondingSourceObject: {fileID: 0}
  m_PrefabInstance: {fileID: 0}
  m_PrefabAsset: {fileID: 0}
  serializedVersion: 6
  m_Component:
  - component: {fileID: 2557315104843193767}
  - component: {fileID: 7203897378261165285}
  m_Layer: 6
  m_Name: Point Light
  m_TagString: Untagged
  m_Icon: {fileID: 0}
  m_NavMeshLayer: 0
  m_StaticEditorFlags: 0
  m_IsActive: 1
--- !u!4 &2557315104843193767
Transform:
  m_ObjectHideFlags: 0
  m_CorrespondingSourceObject: {fileID: 0}
  m_PrefabInstance: {fileID: 0}
  m_PrefabAsset: {fileID: 0}
  m_GameObject: {fileID: 3879456032769213087}
  m_LocalRotation: {x: 0, y: 0, z: 0, w: 1}
  m_LocalPosition: {x: -1.007, y: 1.263, z: 2.968}
  m_LocalScale: {x: 1, y: 1, z: 1}
  m_Children: []
  m_Father: {fileID: 434783188851965140}
  m_RootOrder: 0
  m_LocalEulerAnglesHint: {x: 0, y: 0, z: 0}
--- !u!108 &7203897378261165285
Light:
  m_ObjectHideFlags: 0
  m_CorrespondingSourceObject: {fileID: 0}
  m_PrefabInstance: {fileID: 0}
  m_PrefabAsset: {fileID: 0}
  m_GameObject: {fileID: 3879456032769213087}
  m_Enabled: 1
  serializedVersion: 10
  m_Type: 0
  m_Shape: 0
  m_Color: {r: 1, g: 1, b: 1, a: 1}
  m_Intensity: 4.45
  m_Range: 20
  m_SpotAngle: 101.3
  m_InnerSpotAngle: 21.80208
  m_CookieSize: 10
  m_Shadows:
    m_Type: 0
    m_Resolution: -1
    m_CustomResolution: -1
    m_Strength: 1
    m_Bias: 0.05
    m_NormalBias: 0.4
    m_NearPlane: 0.2
    m_CullingMatrixOverride:
      e00: 1
      e01: 0
      e02: 0
      e03: 0
      e10: 0
      e11: 1
      e12: 0
      e13: 0
      e20: 0
      e21: 0
      e22: 1
      e23: 0
      e30: 0
      e31: 0
      e32: 0
      e33: 1
    m_UseCullingMatrixOverride: 0
  m_Cookie: {fileID: 0}
  m_DrawHalo: 0
  m_Flare: {fileID: 0}
  m_RenderMode: 0
  m_CullingMask:
    serializedVersion: 2
    m_Bits: 4294967295
  m_RenderingLayerMask: 1
  m_Lightmapping: 4
  m_LightShadowCasterMode: 0
  m_AreaSize: {x: 1, y: 1}
  m_BounceIntensity: 1
  m_ColorTemperature: 6570
  m_UseColorTemperature: 0
  m_BoundingSphereOverride: {x: 0, y: 0, z: 0, w: 0}
  m_UseBoundingSphereOverride: 0
  m_UseViewFrustumForShadowCasterCull: 1
  m_ShadowRadius: 0
  m_ShadowAngle: 0
--- !u!1 &5018452289502017691
GameObject:
  m_ObjectHideFlags: 0
  m_CorrespondingSourceObject: {fileID: 0}
  m_PrefabInstance: {fileID: 0}
  m_PrefabAsset: {fileID: 0}
  serializedVersion: 6
  m_Component:
  - component: {fileID: 434783188851965140}
  m_Layer: 6
  m_Name: Light
  m_TagString: Untagged
  m_Icon: {fileID: 0}
  m_NavMeshLayer: 0
  m_StaticEditorFlags: 0
  m_IsActive: 0
--- !u!4 &434783188851965140
Transform:
  m_ObjectHideFlags: 0
  m_CorrespondingSourceObject: {fileID: 0}
  m_PrefabInstance: {fileID: 0}
  m_PrefabAsset: {fileID: 0}
  m_GameObject: {fileID: 5018452289502017691}
  m_LocalRotation: {x: 0, y: 0, z: 0, w: 1}
  m_LocalPosition: {x: 0, y: 0, z: 0}
  m_LocalScale: {x: 1, y: 1, z: 1}
  m_Children:
  - {fileID: 2557315104843193767}
  - {fileID: 2425753949788005790}
  m_Father: {fileID: 8302993152616668729}
  m_RootOrder: 6
  m_LocalEulerAnglesHint: {x: 0, y: 0, z: 0}
--- !u!1 &7442686030508956166
GameObject:
  m_ObjectHideFlags: 0
  m_CorrespondingSourceObject: {fileID: 0}
  m_PrefabInstance: {fileID: 0}
  m_PrefabAsset: {fileID: 0}
  serializedVersion: 6
  m_Component:
  - component: {fileID: 5836027562424366012}
  m_Layer: 6
  m_Name: WheelRRM
  m_TagString: Untagged
  m_Icon: {fileID: 0}
  m_NavMeshLayer: 0
  m_StaticEditorFlags: 0
  m_IsActive: 1
--- !u!4 &5836027562424366012
Transform:
  m_ObjectHideFlags: 0
  m_CorrespondingSourceObject: {fileID: 0}
  m_PrefabInstance: {fileID: 0}
  m_PrefabAsset: {fileID: 0}
  m_GameObject: {fileID: 7442686030508956166}
  m_LocalRotation: {x: -0, y: -0, z: -0, w: 1}
  m_LocalPosition: {x: 0.982, y: -0.825, z: -1.91}
  m_LocalScale: {x: 1, y: 1, z: 1}
  m_Children:
  - {fileID: 5870557514787787628}
  m_Father: {fileID: 8302993151374637823}
  m_RootOrder: 0
  m_LocalEulerAnglesHint: {x: 0, y: 0, z: 0}
--- !u!1 &8302993151072982147
GameObject:
  m_ObjectHideFlags: 0
  m_CorrespondingSourceObject: {fileID: 0}
  m_PrefabInstance: {fileID: 0}
  m_PrefabAsset: {fileID: 0}
  serializedVersion: 6
  m_Component:
  - component: {fileID: 8302993151072982146}
  m_Layer: 6
  m_Name: WheelFRM
  m_TagString: Untagged
  m_Icon: {fileID: 0}
  m_NavMeshLayer: 0
  m_StaticEditorFlags: 0
  m_IsActive: 1
--- !u!4 &8302993151072982146
Transform:
  m_ObjectHideFlags: 0
  m_CorrespondingSourceObject: {fileID: 0}
  m_PrefabInstance: {fileID: 0}
  m_PrefabAsset: {fileID: 0}
  m_GameObject: {fileID: 8302993151072982147}
  m_LocalRotation: {x: -0, y: -0, z: -0, w: 1}
  m_LocalPosition: {x: 0.982, y: -0.825, z: 1.765}
  m_LocalScale: {x: 1, y: 1, z: 1}
  m_Children:
  - {fileID: 8408380185725839050}
  m_Father: {fileID: 8302993151374637823}
  m_RootOrder: 2
  m_LocalEulerAnglesHint: {x: 0, y: 0, z: 0}
--- !u!1 &8302993151374637820
GameObject:
  m_ObjectHideFlags: 0
  m_CorrespondingSourceObject: {fileID: 0}
  m_PrefabInstance: {fileID: 0}
  m_PrefabAsset: {fileID: 0}
  serializedVersion: 6
  m_Component:
  - component: {fileID: 8302993151374637823}
  m_Layer: 6
  m_Name: Wheels
  m_TagString: Untagged
  m_Icon: {fileID: 0}
  m_NavMeshLayer: 0
  m_StaticEditorFlags: 0
  m_IsActive: 1
--- !u!4 &8302993151374637823
Transform:
  m_ObjectHideFlags: 0
  m_CorrespondingSourceObject: {fileID: 0}
  m_PrefabInstance: {fileID: 0}
  m_PrefabAsset: {fileID: 0}
  m_GameObject: {fileID: 8302993151374637820}
  m_LocalRotation: {x: 0, y: 0, z: 0, w: 1}
  m_LocalPosition: {x: 0, y: 1.21, z: 0}
  m_LocalScale: {x: 1, y: 1, z: 1}
  m_Children:
  - {fileID: 5836027562424366012}
  - {fileID: 3009415292714040660}
  - {fileID: 8302993151072982146}
  - {fileID: 8302993152148223477}
  m_Father: {fileID: 8302993152616668729}
  m_RootOrder: 5
  m_LocalEulerAnglesHint: {x: 0, y: 0, z: 0}
--- !u!1 &8302993151550201083
GameObject:
  m_ObjectHideFlags: 0
  m_CorrespondingSourceObject: {fileID: 0}
  m_PrefabInstance: {fileID: 0}
  m_PrefabAsset: {fileID: 0}
  serializedVersion: 6
  m_Component:
  - component: {fileID: 8302993151550201082}
  - component: {fileID: 8302993151550201085}
  m_Layer: 7
  m_Name: WlCollFL
  m_TagString: Untagged
  m_Icon: {fileID: 0}
  m_NavMeshLayer: 0
  m_StaticEditorFlags: 0
  m_IsActive: 1
--- !u!4 &8302993151550201082
Transform:
  m_ObjectHideFlags: 0
  m_CorrespondingSourceObject: {fileID: 0}
  m_PrefabInstance: {fileID: 0}
  m_PrefabAsset: {fileID: 0}
  m_GameObject: {fileID: 8302993151550201083}
  m_LocalRotation: {x: 0, y: 0, z: 0, w: 1}
  m_LocalPosition: {x: -0.982, y: 0.38500005, z: 1.765}
  m_LocalScale: {x: 1, y: 1, z: 1}
  m_Children: []
  m_Father: {fileID: 8302993152616668729}
  m_RootOrder: 1
  m_LocalEulerAnglesHint: {x: 0, y: 0, z: 0}
--- !u!146 &8302993151550201085
WheelCollider:
  m_ObjectHideFlags: 0
  m_CorrespondingSourceObject: {fileID: 0}
  m_PrefabInstance: {fileID: 0}
  m_PrefabAsset: {fileID: 0}
  m_GameObject: {fileID: 8302993151550201083}
  m_Center: {x: 0, y: 0, z: 0}
  m_Radius: 0.58
  m_SuspensionSpring:
    spring: 3500
    damper: 450
    targetPosition: 0.5
  m_SuspensionDistance: 0.14
  m_ForceAppPointDistance: 0
  m_Mass: 20
  m_WheelDampingRate: 0.25
  m_ForwardFriction:
    m_ExtremumSlip: 0.4
    m_ExtremumValue: 1
    m_AsymptoteSlip: 0.8
    m_AsymptoteValue: 0.5
    m_Stiffness: 1
  m_SidewaysFriction:
    m_ExtremumSlip: 0.2
    m_ExtremumValue: 1
    m_AsymptoteSlip: 0.5
    m_AsymptoteValue: 0.75
    m_Stiffness: 1
  m_Enabled: 1
--- !u!1 &8302993152148223474
GameObject:
  m_ObjectHideFlags: 0
  m_CorrespondingSourceObject: {fileID: 0}
  m_PrefabInstance: {fileID: 0}
  m_PrefabAsset: {fileID: 0}
  serializedVersion: 6
  m_Component:
  - component: {fileID: 8302993152148223477}
  m_Layer: 6
  m_Name: WheelFLM
  m_TagString: Untagged
  m_Icon: {fileID: 0}
  m_NavMeshLayer: 0
  m_StaticEditorFlags: 0
  m_IsActive: 1
--- !u!4 &8302993152148223477
Transform:
  m_ObjectHideFlags: 0
  m_CorrespondingSourceObject: {fileID: 0}
  m_PrefabInstance: {fileID: 0}
  m_PrefabAsset: {fileID: 0}
  m_GameObject: {fileID: 8302993152148223474}
  m_LocalRotation: {x: -0, y: -0, z: -0, w: 1}
  m_LocalPosition: {x: -0.982, y: -0.825, z: 1.765}
  m_LocalScale: {x: 1, y: 1, z: 1}
  m_Children:
  - {fileID: 8408380185860873706}
  m_Father: {fileID: 8302993151374637823}
  m_RootOrder: 3
  m_LocalEulerAnglesHint: {x: 0, y: 0, z: 0}
--- !u!1 &8302993152386756558
GameObject:
  m_ObjectHideFlags: 0
  m_CorrespondingSourceObject: {fileID: 0}
  m_PrefabInstance: {fileID: 0}
  m_PrefabAsset: {fileID: 0}
  serializedVersion: 6
  m_Component:
  - component: {fileID: 8302993152386756561}
  - component: {fileID: 8302993152386756560}
  m_Layer: 7
  m_Name: WlCollRL
  m_TagString: Untagged
  m_Icon: {fileID: 0}
  m_NavMeshLayer: 0
  m_StaticEditorFlags: 0
  m_IsActive: 1
--- !u!4 &8302993152386756561
Transform:
  m_ObjectHideFlags: 0
  m_CorrespondingSourceObject: {fileID: 0}
  m_PrefabInstance: {fileID: 0}
  m_PrefabAsset: {fileID: 0}
  m_GameObject: {fileID: 8302993152386756558}
  m_LocalRotation: {x: 0, y: 0, z: 0, w: 1}
  m_LocalPosition: {x: -0.982, y: 0.38500005, z: -1.9100001}
  m_LocalScale: {x: 1, y: 1, z: 1}
  m_Children: []
  m_Father: {fileID: 8302993152616668729}
  m_RootOrder: 3
  m_LocalEulerAnglesHint: {x: 0, y: 0, z: 0}
--- !u!146 &8302993152386756560
WheelCollider:
  m_ObjectHideFlags: 0
  m_CorrespondingSourceObject: {fileID: 0}
  m_PrefabInstance: {fileID: 0}
  m_PrefabAsset: {fileID: 0}
  m_GameObject: {fileID: 8302993152386756558}
  m_Center: {x: 0, y: 0, z: 0}
  m_Radius: 0.58
  m_SuspensionSpring:
    spring: 3500
    damper: 450
    targetPosition: 0.5
  m_SuspensionDistance: 0.14
  m_ForceAppPointDistance: 0
  m_Mass: 20
  m_WheelDampingRate: 0.25
  m_ForwardFriction:
    m_ExtremumSlip: 0.4
    m_ExtremumValue: 1
    m_AsymptoteSlip: 0.8
    m_AsymptoteValue: 0.5
    m_Stiffness: 1
  m_SidewaysFriction:
    m_ExtremumSlip: 0.2
    m_ExtremumValue: 1
    m_AsymptoteSlip: 0.5
    m_AsymptoteValue: 0.75
    m_Stiffness: 1
  m_Enabled: 1
--- !u!1 &8302993152556859061
GameObject:
  m_ObjectHideFlags: 0
  m_CorrespondingSourceObject: {fileID: 0}
  m_PrefabInstance: {fileID: 0}
  m_PrefabAsset: {fileID: 0}
  serializedVersion: 6
  m_Component:
  - component: {fileID: 8302993152556859060}
  - component: {fileID: 8302993152556859063}
  m_Layer: 7
  m_Name: WlCollFR
  m_TagString: Untagged
  m_Icon: {fileID: 0}
  m_NavMeshLayer: 0
  m_StaticEditorFlags: 0
  m_IsActive: 1
--- !u!4 &8302993152556859060
Transform:
  m_ObjectHideFlags: 0
  m_CorrespondingSourceObject: {fileID: 0}
  m_PrefabInstance: {fileID: 0}
  m_PrefabAsset: {fileID: 0}
  m_GameObject: {fileID: 8302993152556859061}
  m_LocalRotation: {x: 0, y: 0, z: 0, w: 1}
  m_LocalPosition: {x: 0.982, y: 0.38500005, z: 1.765}
  m_LocalScale: {x: 1, y: 1, z: 1}
  m_Children: []
  m_Father: {fileID: 8302993152616668729}
  m_RootOrder: 2
  m_LocalEulerAnglesHint: {x: 0, y: 0, z: 0}
--- !u!146 &8302993152556859063
WheelCollider:
  m_ObjectHideFlags: 0
  m_CorrespondingSourceObject: {fileID: 0}
  m_PrefabInstance: {fileID: 0}
  m_PrefabAsset: {fileID: 0}
  m_GameObject: {fileID: 8302993152556859061}
  m_Center: {x: 0, y: 0, z: 0}
  m_Radius: 0.58
  m_SuspensionSpring:
    spring: 3500
    damper: 450
    targetPosition: 0.5
  m_SuspensionDistance: 0.14
  m_ForceAppPointDistance: 0
  m_Mass: 20
  m_WheelDampingRate: 0.25
  m_ForwardFriction:
    m_ExtremumSlip: 0.4
    m_ExtremumValue: 1
    m_AsymptoteSlip: 0.8
    m_AsymptoteValue: 0.5
    m_Stiffness: 1
  m_SidewaysFriction:
    m_ExtremumSlip: 0.2
    m_ExtremumValue: 1
    m_AsymptoteSlip: 0.5
    m_AsymptoteValue: 0.75
    m_Stiffness: 1
  m_Enabled: 1
--- !u!1 &8302993152616668724
GameObject:
  m_ObjectHideFlags: 0
  m_CorrespondingSourceObject: {fileID: 0}
  m_PrefabInstance: {fileID: 0}
  m_PrefabAsset: {fileID: 0}
  serializedVersion: 6
  m_Component:
  - component: {fileID: 8302993152616668729}
  - component: {fileID: 8302993152616668726}
  - component: {fileID: 4993739991634044018}
  - component: {fileID: 8789656983360504066}
  - component: {fileID: 1089596759479658108}
  - component: {fileID: 2946034494175015455}
  m_Layer: 6
  m_Name: PlayerCar1
  m_TagString: Untagged
  m_Icon: {fileID: 0}
  m_NavMeshLayer: 0
  m_StaticEditorFlags: 0
  m_IsActive: 1
--- !u!4 &8302993152616668729
Transform:
  m_ObjectHideFlags: 0
  m_CorrespondingSourceObject: {fileID: 0}
  m_PrefabInstance: {fileID: 0}
  m_PrefabAsset: {fileID: 0}
  m_GameObject: {fileID: 8302993152616668724}
  m_LocalRotation: {x: 0, y: 0, z: 0, w: 1}
  m_LocalPosition: {x: 0, y: 0, z: 0}
  m_LocalScale: {x: 1, y: 1, z: 1}
  m_Children:
  - {fileID: 8408380185436621725}
  - {fileID: 8302993151550201082}
  - {fileID: 8302993152556859060}
  - {fileID: 8302993152386756561}
  - {fileID: 8302993152628733331}
  - {fileID: 8302993151374637823}
  - {fileID: 434783188851965140}
  m_Father: {fileID: 0}
  m_RootOrder: 0
  m_LocalEulerAnglesHint: {x: 0, y: 0, z: 0}
--- !u!54 &8302993152616668726
Rigidbody:
  m_ObjectHideFlags: 0
  m_CorrespondingSourceObject: {fileID: 0}
  m_PrefabInstance: {fileID: 0}
  m_PrefabAsset: {fileID: 0}
  m_GameObject: {fileID: 8302993152616668724}
  serializedVersion: 2
  m_Mass: 800
  m_Drag: 0
  m_AngularDrag: 0.05
  m_UseGravity: 1
  m_IsKinematic: 0
  m_Interpolate: 0
  m_Constraints: 0
  m_CollisionDetection: 0
--- !u!114 &4993739991634044018
MonoBehaviour:
  m_ObjectHideFlags: 0
  m_CorrespondingSourceObject: {fileID: 0}
  m_PrefabInstance: {fileID: 0}
  m_PrefabAsset: {fileID: 0}
  m_GameObject: {fileID: 8302993152616668724}
  m_Enabled: 1
  m_EditorHideFlags: 0
  m_Script: {fileID: 11500000, guid: f6caae134506b4b46843cef0b52c566c, type: 3}
  m_Name: 
  m_EditorClassIdentifier: 
  pushMotorSize: 4000
  pushForceSize: 15
  frictionWheel: 1.4
  speedRot: 2
  models:
  - {fileID: 9222036775341543719}
  - {fileID: 7442686030508956166}
  - {fileID: 1661364421414489454}
  - {fileID: 8302993151072982147}
  - {fileID: 8302993152148223474}
  rigidbody: {fileID: 8302993152616668726}
  trigerColliderGround: {fileID: 1089596759479658108}
  lightObject: {fileID: 5018452289502017691}
  forwardWheelCol:
  - {fileID: 8302993151550201085}
  - {fileID: 8302993152556859063}
  rearWheelCol:
  - {fileID: 8302993152386756560}
  - {fileID: 8302993152628733330}
  forwardWheelModel:
  - {fileID: 8302993152148223477}
  - {fileID: 8302993151072982146}
  rearWheelModel:
  - {fileID: 3009415292714040660}
  - {fileID: 5836027562424366012}
--- !u!114 &8789656983360504066
MonoBehaviour:
  m_ObjectHideFlags: 0
  m_CorrespondingSourceObject: {fileID: 0}
  m_PrefabInstance: {fileID: 0}
  m_PrefabAsset: {fileID: 0}
  m_GameObject: {fileID: 8302993152616668724}
  m_Enabled: 1
  m_EditorHideFlags: 0
  m_Script: {fileID: 11500000, guid: 8d59fbb72dd8f8b47894eb2aa19c5e67, type: 3}
  m_Name: 
  m_EditorClassIdentifier: 
  MSSkidMarksShader: {fileID: 4800000, guid: 94a0f7f2012185f4dbd8b33696992afd, type: 3}
  settingsDefaultMaterial:
    normalMapIntensity: 0.7
    smoothness: 0
    metallic: 0
  customMaterial: {fileID: 0}
  maxTrailLength: 3
  trailWidth: 0.7
  sensibility: 2
  defaultOpacity: 0.7
  distanceOfTheGround: 0.03
  defaultColor: {r: 0.2735849, g: 0.2735849, b: 0.2735849, a: 0}
  rightFrontWheel:
    wheelCollider: {fileID: 0}
    displacement: 0
    useCustomTrailWidth: 0
    customTrailWidth: 0.4
    useCustomSensibility: 0
    customSensibility: 2
    rendSKDmarks: {fileID: 0}
    generatingSkidMarks: 0
    wheelSkidding: 0
  leftFrontWheel:
    wheelCollider: {fileID: 0}
    displacement: 0
    useCustomTrailWidth: 0
    customTrailWidth: 0.4
    useCustomSensibility: 0
    customSensibility: 2
    rendSKDmarks: {fileID: 0}
    generatingSkidMarks: 0
    wheelSkidding: 0
  rightRearWheel:
    wheelCollider: {fileID: 8302993152628733330}
    displacement: 0
    useCustomTrailWidth: 0
    customTrailWidth: 0.4
    useCustomSensibility: 0
    customSensibility: 2
    rendSKDmarks: {fileID: 0}
    generatingSkidMarks: 0
    wheelSkidding: 0
  leftRearWheel:
    wheelCollider: {fileID: 8302993152386756560}
    displacement: 0
    useCustomTrailWidth: 0
    customTrailWidth: 0.4
    useCustomSensibility: 0
    customSensibility: 2
    rendSKDmarks: {fileID: 0}
    generatingSkidMarks: 0
    wheelSkidding: 0
  otherWheels: []
  groundDetection: 1
  otherGround:
  - continuousMarking: 0
    groundTag: 
    physicMaterial: {fileID: 13400000, guid: c09e277fba5f26642bdf634017937dd3, type: 2}
    skidMarkColor: {r: 0.2924528, g: 0.2924528, b: 0.2924528, a: 0}
    opacity: 0.7
  - continuousMarking: 1
    groundTag: 
    physicMaterial: {fileID: 13400000, guid: 2c704c4f38aa27647814ba4964507ace, type: 2}
    skidMarkColor: {r: 0.33163017, g: 0.5283019, b: 0.12709148, a: 0}
    opacity: 0.4
  - continuousMarking: 0
    groundTag: 
    physicMaterial: {fileID: 13400000, guid: a90c82ba7411e904ca3ee0ee7ec243a4, type: 2}
    skidMarkColor: {r: 0, g: 0, b: 0, a: 0}
    opacity: 0.1
  KMh: 0
--- !u!65 &1089596759479658108
BoxCollider:
  m_ObjectHideFlags: 0
  m_CorrespondingSourceObject: {fileID: 0}
  m_PrefabInstance: {fileID: 0}
  m_PrefabAsset: {fileID: 0}
  m_GameObject: {fileID: 8302993152616668724}
  m_Material: {fileID: 13400000, guid: 05df2ed758e21314da3adeb1732102eb, type: 2}
  m_IsTrigger: 1
  m_Enabled: 1
  serializedVersion: 2
  m_Size: {x: 1, y: 2.1922793, z: 1}
  m_Center: {x: 0, y: 0.713984, z: 0}
--- !u!65 &2946034494175015455
BoxCollider:
  m_ObjectHideFlags: 0
  m_CorrespondingSourceObject: {fileID: 0}
  m_PrefabInstance: {fileID: 0}
  m_PrefabAsset: {fileID: 0}
  m_GameObject: {fileID: 8302993152616668724}
  m_Material: {fileID: 13400000, guid: 05df2ed758e21314da3adeb1732102eb, type: 2}
  m_IsTrigger: 0
  m_Enabled: 1
  serializedVersion: 2
  m_Size: {x: 2.4519253, y: 1.7560284, z: 5.981244}
  m_Center: {x: 0, y: 1.26, z: -0.07959318}
--- !u!1 &8302993152628733328
GameObject:
  m_ObjectHideFlags: 0
  m_CorrespondingSourceObject: {fileID: 0}
  m_PrefabInstance: {fileID: 0}
  m_PrefabAsset: {fileID: 0}
  serializedVersion: 6
  m_Component:
  - component: {fileID: 8302993152628733331}
  - component: {fileID: 8302993152628733330}
  m_Layer: 7
  m_Name: WlCollRR
  m_TagString: Untagged
  m_Icon: {fileID: 0}
  m_NavMeshLayer: 0
  m_StaticEditorFlags: 0
  m_IsActive: 1
--- !u!4 &8302993152628733331
Transform:
  m_ObjectHideFlags: 0
  m_CorrespondingSourceObject: {fileID: 0}
  m_PrefabInstance: {fileID: 0}
  m_PrefabAsset: {fileID: 0}
  m_GameObject: {fileID: 8302993152628733328}
  m_LocalRotation: {x: 0, y: 0, z: 0, w: 1}
  m_LocalPosition: {x: 0.982, y: 0.38500005, z: -1.91}
  m_LocalScale: {x: 1, y: 1, z: 1}
  m_Children: []
  m_Father: {fileID: 8302993152616668729}
  m_RootOrder: 4
  m_LocalEulerAnglesHint: {x: 0, y: 0, z: 0}
--- !u!146 &8302993152628733330
WheelCollider:
  m_ObjectHideFlags: 0
  m_CorrespondingSourceObject: {fileID: 0}
  m_PrefabInstance: {fileID: 0}
  m_PrefabAsset: {fileID: 0}
  m_GameObject: {fileID: 8302993152628733328}
  m_Center: {x: 0, y: 0, z: 0}
  m_Radius: 0.58
  m_SuspensionSpring:
    spring: 3500
    damper: 450
    targetPosition: 0.5
  m_SuspensionDistance: 0.14
  m_ForceAppPointDistance: 0
  m_Mass: 20
  m_WheelDampingRate: 0.25
  m_ForwardFriction:
    m_ExtremumSlip: 0.4
    m_ExtremumValue: 1
    m_AsymptoteSlip: 0.8
    m_AsymptoteValue: 0.5
    m_Stiffness: 1
  m_SidewaysFriction:
    m_ExtremumSlip: 0.2
    m_ExtremumValue: 1
    m_AsymptoteSlip: 0.5
    m_AsymptoteValue: 0.75
    m_Stiffness: 1
  m_Enabled: 1
--- !u!1001 &2433934679421989806
PrefabInstance:
  m_ObjectHideFlags: 0
  serializedVersion: 2
  m_Modification:
    m_TransformParent: {fileID: 3009415292714040660}
    m_Modifications:
    - target: {fileID: -8679921383154817045, guid: 5516da9c67d652846ba0025f1f2a36f3, type: 3}
      propertyPath: m_RootOrder
      value: 0
      objectReference: {fileID: 0}
    - target: {fileID: -8679921383154817045, guid: 5516da9c67d652846ba0025f1f2a36f3, type: 3}
      propertyPath: m_LocalPosition.x
      value: -0.137
      objectReference: {fileID: 0}
    - target: {fileID: -8679921383154817045, guid: 5516da9c67d652846ba0025f1f2a36f3, type: 3}
      propertyPath: m_LocalPosition.y
      value: 0
      objectReference: {fileID: 0}
    - target: {fileID: -8679921383154817045, guid: 5516da9c67d652846ba0025f1f2a36f3, type: 3}
      propertyPath: m_LocalPosition.z
      value: 0
      objectReference: {fileID: 0}
    - target: {fileID: -8679921383154817045, guid: 5516da9c67d652846ba0025f1f2a36f3, type: 3}
      propertyPath: m_LocalRotation.w
      value: 1
      objectReference: {fileID: 0}
    - target: {fileID: -8679921383154817045, guid: 5516da9c67d652846ba0025f1f2a36f3, type: 3}
      propertyPath: m_LocalRotation.x
      value: -0
      objectReference: {fileID: 0}
    - target: {fileID: -8679921383154817045, guid: 5516da9c67d652846ba0025f1f2a36f3, type: 3}
      propertyPath: m_LocalRotation.y
      value: -0
      objectReference: {fileID: 0}
    - target: {fileID: -8679921383154817045, guid: 5516da9c67d652846ba0025f1f2a36f3, type: 3}
      propertyPath: m_LocalRotation.z
      value: -0
      objectReference: {fileID: 0}
    - target: {fileID: -8679921383154817045, guid: 5516da9c67d652846ba0025f1f2a36f3, type: 3}
      propertyPath: m_LocalEulerAnglesHint.x
      value: 0
      objectReference: {fileID: 0}
    - target: {fileID: -8679921383154817045, guid: 5516da9c67d652846ba0025f1f2a36f3, type: 3}
      propertyPath: m_LocalEulerAnglesHint.y
      value: 0
      objectReference: {fileID: 0}
    - target: {fileID: -8679921383154817045, guid: 5516da9c67d652846ba0025f1f2a36f3, type: 3}
      propertyPath: m_LocalEulerAnglesHint.z
      value: 0
      objectReference: {fileID: 0}
    - target: {fileID: 919132149155446097, guid: 5516da9c67d652846ba0025f1f2a36f3, type: 3}
      propertyPath: m_Name
      value: First_Car_Wheel
      objectReference: {fileID: 0}
    - target: {fileID: 919132149155446097, guid: 5516da9c67d652846ba0025f1f2a36f3, type: 3}
      propertyPath: m_Layer
      value: 6
      objectReference: {fileID: 0}
    m_RemovedComponents: []
  m_SourcePrefab: {fileID: 100100000, guid: 5516da9c67d652846ba0025f1f2a36f3, type: 3}
--- !u!4 &2760051054271714373 stripped
Transform:
  m_CorrespondingSourceObject: {fileID: -8679921383154817045, guid: 5516da9c67d652846ba0025f1f2a36f3, type: 3}
  m_PrefabInstance: {fileID: 2433934679421989806}
  m_PrefabAsset: {fileID: 0}
--- !u!1001 &6265300421067175047
PrefabInstance:
  m_ObjectHideFlags: 0
  serializedVersion: 2
  m_Modification:
    m_TransformParent: {fileID: 5836027562424366012}
    m_Modifications:
    - target: {fileID: -8679921383154817045, guid: 5516da9c67d652846ba0025f1f2a36f3, type: 3}
      propertyPath: m_RootOrder
      value: 0
      objectReference: {fileID: 0}
    - target: {fileID: -8679921383154817045, guid: 5516da9c67d652846ba0025f1f2a36f3, type: 3}
      propertyPath: m_LocalPosition.x
      value: 0.137
      objectReference: {fileID: 0}
    - target: {fileID: -8679921383154817045, guid: 5516da9c67d652846ba0025f1f2a36f3, type: 3}
      propertyPath: m_LocalPosition.y
      value: 0
      objectReference: {fileID: 0}
    - target: {fileID: -8679921383154817045, guid: 5516da9c67d652846ba0025f1f2a36f3, type: 3}
      propertyPath: m_LocalPosition.z
      value: 0
      objectReference: {fileID: 0}
    - target: {fileID: -8679921383154817045, guid: 5516da9c67d652846ba0025f1f2a36f3, type: 3}
      propertyPath: m_LocalRotation.w
      value: 0
      objectReference: {fileID: 0}
    - target: {fileID: -8679921383154817045, guid: 5516da9c67d652846ba0025f1f2a36f3, type: 3}
      propertyPath: m_LocalRotation.x
      value: 0
      objectReference: {fileID: 0}
    - target: {fileID: -8679921383154817045, guid: 5516da9c67d652846ba0025f1f2a36f3, type: 3}
      propertyPath: m_LocalRotation.y
      value: 1
      objectReference: {fileID: 0}
    - target: {fileID: -8679921383154817045, guid: 5516da9c67d652846ba0025f1f2a36f3, type: 3}
      propertyPath: m_LocalRotation.z
      value: 0
      objectReference: {fileID: 0}
    - target: {fileID: -8679921383154817045, guid: 5516da9c67d652846ba0025f1f2a36f3, type: 3}
      propertyPath: m_LocalEulerAnglesHint.x
      value: 0
      objectReference: {fileID: 0}
    - target: {fileID: -8679921383154817045, guid: 5516da9c67d652846ba0025f1f2a36f3, type: 3}
      propertyPath: m_LocalEulerAnglesHint.y
      value: 180
      objectReference: {fileID: 0}
    - target: {fileID: -8679921383154817045, guid: 5516da9c67d652846ba0025f1f2a36f3, type: 3}
      propertyPath: m_LocalEulerAnglesHint.z
      value: 0
      objectReference: {fileID: 0}
    - target: {fileID: 919132149155446097, guid: 5516da9c67d652846ba0025f1f2a36f3, type: 3}
      propertyPath: m_Name
      value: First_Car_Wheel
      objectReference: {fileID: 0}
    - target: {fileID: 919132149155446097, guid: 5516da9c67d652846ba0025f1f2a36f3, type: 3}
      propertyPath: m_Layer
      value: 6
      objectReference: {fileID: 0}
    m_RemovedComponents: []
  m_SourcePrefab: {fileID: 100100000, guid: 5516da9c67d652846ba0025f1f2a36f3, type: 3}
--- !u!4 &5870557514787787628 stripped
Transform:
  m_CorrespondingSourceObject: {fileID: -8679921383154817045, guid: 5516da9c67d652846ba0025f1f2a36f3, type: 3}
  m_PrefabInstance: {fileID: 6265300421067175047}
  m_PrefabAsset: {fileID: 0}
--- !u!1001 &8302993151574342145
PrefabInstance:
  m_ObjectHideFlags: 0
  serializedVersion: 2
  m_Modification:
    m_TransformParent: {fileID: 8302993152148223477}
    m_Modifications:
    - target: {fileID: -8679921383154817045, guid: 5516da9c67d652846ba0025f1f2a36f3, type: 3}
      propertyPath: m_RootOrder
      value: 0
      objectReference: {fileID: 0}
    - target: {fileID: -8679921383154817045, guid: 5516da9c67d652846ba0025f1f2a36f3, type: 3}
      propertyPath: m_LocalPosition.x
      value: -0.137
      objectReference: {fileID: 0}
    - target: {fileID: -8679921383154817045, guid: 5516da9c67d652846ba0025f1f2a36f3, type: 3}
      propertyPath: m_LocalPosition.y
      value: 0
      objectReference: {fileID: 0}
    - target: {fileID: -8679921383154817045, guid: 5516da9c67d652846ba0025f1f2a36f3, type: 3}
      propertyPath: m_LocalPosition.z
      value: 0
      objectReference: {fileID: 0}
    - target: {fileID: -8679921383154817045, guid: 5516da9c67d652846ba0025f1f2a36f3, type: 3}
      propertyPath: m_LocalRotation.w
      value: 1
      objectReference: {fileID: 0}
    - target: {fileID: -8679921383154817045, guid: 5516da9c67d652846ba0025f1f2a36f3, type: 3}
      propertyPath: m_LocalRotation.x
      value: -0
      objectReference: {fileID: 0}
    - target: {fileID: -8679921383154817045, guid: 5516da9c67d652846ba0025f1f2a36f3, type: 3}
      propertyPath: m_LocalRotation.y
      value: -0
      objectReference: {fileID: 0}
    - target: {fileID: -8679921383154817045, guid: 5516da9c67d652846ba0025f1f2a36f3, type: 3}
      propertyPath: m_LocalRotation.z
      value: -0
      objectReference: {fileID: 0}
    - target: {fileID: -8679921383154817045, guid: 5516da9c67d652846ba0025f1f2a36f3, type: 3}
      propertyPath: m_LocalEulerAnglesHint.x
      value: 0
      objectReference: {fileID: 0}
    - target: {fileID: -8679921383154817045, guid: 5516da9c67d652846ba0025f1f2a36f3, type: 3}
      propertyPath: m_LocalEulerAnglesHint.y
      value: 0
      objectReference: {fileID: 0}
    - target: {fileID: -8679921383154817045, guid: 5516da9c67d652846ba0025f1f2a36f3, type: 3}
      propertyPath: m_LocalEulerAnglesHint.z
      value: 0
      objectReference: {fileID: 0}
    - target: {fileID: 919132149155446097, guid: 5516da9c67d652846ba0025f1f2a36f3, type: 3}
      propertyPath: m_Name
      value: First_Car_Wheel
      objectReference: {fileID: 0}
    - target: {fileID: 919132149155446097, guid: 5516da9c67d652846ba0025f1f2a36f3, type: 3}
      propertyPath: m_Layer
      value: 6
      objectReference: {fileID: 0}
    m_RemovedComponents: []
  m_SourcePrefab: {fileID: 100100000, guid: 5516da9c67d652846ba0025f1f2a36f3, type: 3}
--- !u!4 &8408380185860873706 stripped
Transform:
  m_CorrespondingSourceObject: {fileID: -8679921383154817045, guid: 5516da9c67d652846ba0025f1f2a36f3, type: 3}
  m_PrefabInstance: {fileID: 8302993151574342145}
  m_PrefabAsset: {fileID: 0}
--- !u!1001 &8302993151709298977
PrefabInstance:
  m_ObjectHideFlags: 0
  serializedVersion: 2
  m_Modification:
    m_TransformParent: {fileID: 8302993151072982146}
    m_Modifications:
    - target: {fileID: -8679921383154817045, guid: 5516da9c67d652846ba0025f1f2a36f3, type: 3}
      propertyPath: m_RootOrder
      value: 0
      objectReference: {fileID: 0}
    - target: {fileID: -8679921383154817045, guid: 5516da9c67d652846ba0025f1f2a36f3, type: 3}
      propertyPath: m_LocalPosition.x
      value: 0.137
      objectReference: {fileID: 0}
    - target: {fileID: -8679921383154817045, guid: 5516da9c67d652846ba0025f1f2a36f3, type: 3}
      propertyPath: m_LocalPosition.y
      value: 0
      objectReference: {fileID: 0}
    - target: {fileID: -8679921383154817045, guid: 5516da9c67d652846ba0025f1f2a36f3, type: 3}
      propertyPath: m_LocalPosition.z
      value: 0
      objectReference: {fileID: 0}
    - target: {fileID: -8679921383154817045, guid: 5516da9c67d652846ba0025f1f2a36f3, type: 3}
      propertyPath: m_LocalRotation.w
      value: 0
      objectReference: {fileID: 0}
    - target: {fileID: -8679921383154817045, guid: 5516da9c67d652846ba0025f1f2a36f3, type: 3}
      propertyPath: m_LocalRotation.x
      value: 0
      objectReference: {fileID: 0}
    - target: {fileID: -8679921383154817045, guid: 5516da9c67d652846ba0025f1f2a36f3, type: 3}
      propertyPath: m_LocalRotation.y
      value: 1
      objectReference: {fileID: 0}
    - target: {fileID: -8679921383154817045, guid: 5516da9c67d652846ba0025f1f2a36f3, type: 3}
      propertyPath: m_LocalRotation.z
      value: 0
      objectReference: {fileID: 0}
    - target: {fileID: -8679921383154817045, guid: 5516da9c67d652846ba0025f1f2a36f3, type: 3}
      propertyPath: m_LocalEulerAnglesHint.x
      value: 0
      objectReference: {fileID: 0}
    - target: {fileID: -8679921383154817045, guid: 5516da9c67d652846ba0025f1f2a36f3, type: 3}
      propertyPath: m_LocalEulerAnglesHint.y
      value: 180
      objectReference: {fileID: 0}
    - target: {fileID: -8679921383154817045, guid: 5516da9c67d652846ba0025f1f2a36f3, type: 3}
      propertyPath: m_LocalEulerAnglesHint.z
      value: 0
      objectReference: {fileID: 0}
    - target: {fileID: 919132149155446097, guid: 5516da9c67d652846ba0025f1f2a36f3, type: 3}
      propertyPath: m_Name
      value: First_Car_Wheel
      objectReference: {fileID: 0}
    - target: {fileID: 919132149155446097, guid: 5516da9c67d652846ba0025f1f2a36f3, type: 3}
      propertyPath: m_Layer
      value: 6
      objectReference: {fileID: 0}
    m_RemovedComponents: []
  m_SourcePrefab: {fileID: 100100000, guid: 5516da9c67d652846ba0025f1f2a36f3, type: 3}
--- !u!4 &8408380185725839050 stripped
Transform:
  m_CorrespondingSourceObject: {fileID: -8679921383154817045, guid: 5516da9c67d652846ba0025f1f2a36f3, type: 3}
  m_PrefabInstance: {fileID: 8302993151709298977}
  m_PrefabAsset: {fileID: 0}
--- !u!1001 &8302993152040463478
PrefabInstance:
  m_ObjectHideFlags: 0
  serializedVersion: 2
  m_Modification:
    m_TransformParent: {fileID: 8302993152616668729}
    m_Modifications:
    - target: {fileID: -8679921383154817045, guid: 59af39ef098a37742bf74243835259f5, type: 3}
      propertyPath: m_RootOrder
      value: 0
      objectReference: {fileID: 0}
    - target: {fileID: -8679921383154817045, guid: 59af39ef098a37742bf74243835259f5, type: 3}
      propertyPath: m_LocalPosition.x
      value: 0
      objectReference: {fileID: 0}
    - target: {fileID: -8679921383154817045, guid: 59af39ef098a37742bf74243835259f5, type: 3}
      propertyPath: m_LocalPosition.y
      value: 1.21
      objectReference: {fileID: 0}
    - target: {fileID: -8679921383154817045, guid: 59af39ef098a37742bf74243835259f5, type: 3}
      propertyPath: m_LocalPosition.z
      value: 0
      objectReference: {fileID: 0}
    - target: {fileID: -8679921383154817045, guid: 59af39ef098a37742bf74243835259f5, type: 3}
      propertyPath: m_LocalRotation.w
      value: 0.7071067
      objectReference: {fileID: 0}
    - target: {fileID: -8679921383154817045, guid: 59af39ef098a37742bf74243835259f5, type: 3}
      propertyPath: m_LocalRotation.x
      value: -0.7071068
      objectReference: {fileID: 0}
    - target: {fileID: -8679921383154817045, guid: 59af39ef098a37742bf74243835259f5, type: 3}
      propertyPath: m_LocalRotation.y
      value: 0
      objectReference: {fileID: 0}
    - target: {fileID: -8679921383154817045, guid: 59af39ef098a37742bf74243835259f5, type: 3}
      propertyPath: m_LocalRotation.z
      value: -0
      objectReference: {fileID: 0}
    - target: {fileID: -8679921383154817045, guid: 59af39ef098a37742bf74243835259f5, type: 3}
      propertyPath: m_LocalEulerAnglesHint.x
      value: 0
      objectReference: {fileID: 0}
    - target: {fileID: -8679921383154817045, guid: 59af39ef098a37742bf74243835259f5, type: 3}
      propertyPath: m_LocalEulerAnglesHint.y
      value: 0
      objectReference: {fileID: 0}
    - target: {fileID: -8679921383154817045, guid: 59af39ef098a37742bf74243835259f5, type: 3}
      propertyPath: m_LocalEulerAnglesHint.z
      value: 0
      objectReference: {fileID: 0}
    - target: {fileID: 919132149155446097, guid: 59af39ef098a37742bf74243835259f5, type: 3}
      propertyPath: m_Name
      value: First_Car
      objectReference: {fileID: 0}
    - target: {fileID: 919132149155446097, guid: 59af39ef098a37742bf74243835259f5, type: 3}
      propertyPath: m_Layer
      value: 6
      objectReference: {fileID: 0}
    m_RemovedComponents: []
  m_SourcePrefab: {fileID: 100100000, guid: 59af39ef098a37742bf74243835259f5, type: 3}
--- !u!1 &9222036775341543719 stripped
GameObject:
  m_CorrespondingSourceObject: {fileID: 919132149155446097, guid: 59af39ef098a37742bf74243835259f5, type: 3}
  m_PrefabInstance: {fileID: 8302993152040463478}
  m_PrefabAsset: {fileID: 0}
--- !u!4 &8408380185436621725 stripped
Transform:
  m_CorrespondingSourceObject: {fileID: -8679921383154817045, guid: 59af39ef098a37742bf74243835259f5, type: 3}
  m_PrefabInstance: {fileID: 8302993152040463478}
  m_PrefabAsset: {fileID: 0}
