%YAML 1.1
%TAG !u! tag:unity3d.com,2011:
--- !u!1 &2580273212057763418
GameObject:
  m_ObjectHideFlags: 0
  m_CorrespondingSourceObject: {fileID: 0}
  m_PrefabInstance: {fileID: 0}
  m_PrefabAsset: {fileID: 0}
  serializedVersion: 6
  m_Component:
  - component: {fileID: 8208890044546553992}
  - component: {fileID: 486875393721495490}
  - component: {fileID: 8339377889456805103}
  m_Layer: 8
  m_Name: Truck_Gree_Bot
  m_TagString: Untagged
  m_Icon: {fileID: 0}
  m_NavMeshLayer: 0
  m_StaticEditorFlags: 0
  m_IsActive: 1
--- !u!4 &8208890044546553992
Transform:
  m_ObjectHideFlags: 0
  m_CorrespondingSourceObject: {fileID: 0}
  m_PrefabInstance: {fileID: 0}
  m_PrefabAsset: {fileID: 0}
  m_GameObject: {fileID: 2580273212057763418}
  m_LocalRotation: {x: -0, y: -0, z: -0, w: 1}
  m_LocalPosition: {x: -22.251373, y: 5.4451656, z: 8.5257225}
  m_LocalScale: {x: 1, y: 1, z: 1}
  m_Children:
  - {fileID: 8202752480635441599}
  m_Father: {fileID: 0}
  m_RootOrder: 0
  m_LocalEulerAnglesHint: {x: 0, y: 0, z: 0}
--- !u!65 &486875393721495490
BoxCollider:
  m_ObjectHideFlags: 0
  m_CorrespondingSourceObject: {fileID: 0}
  m_PrefabInstance: {fileID: 0}
  m_PrefabAsset: {fileID: 0}
  m_GameObject: {fileID: 2580273212057763418}
  m_Material: {fileID: 13400000, guid: ea9a237c75f2ab94cbc1b51b3e065975, type: 2}
  m_IsTrigger: 0
  m_Enabled: 1
  serializedVersion: 2
  m_Size: {x: 2.63, y: 2.8864632, z: 10.375282}
  m_Center: {x: 0, y: 1.7631083, z: -0.43571663}
--- !u!114 &8339377889456805103
MonoBehaviour:
  m_ObjectHideFlags: 0
  m_CorrespondingSourceObject: {fileID: 0}
  m_PrefabInstance: {fileID: 0}
  m_PrefabAsset: {fileID: 0}
  m_GameObject: {fileID: 2580273212057763418}
  m_Enabled: 1
  m_EditorHideFlags: 0
  m_Script: {fileID: 11500000, guid: 922a991c7ae21f84a8fc7c68c73df934, type: 3}
  m_Name: 
  m_EditorClassIdentifier: 
  wheels:
  - {fileID: 7099186103038683633}
  - {fileID: 3360091345988194727}
  - {fileID: 35995319369484707}
  - {fileID: 5820249099418241699}
  wheelRadius: 0.52
  lightObject: {fileID: 0}
--- !u!1 &3239910233073768986
GameObject:
  m_ObjectHideFlags: 0
  m_CorrespondingSourceObject: {fileID: 0}
  m_PrefabInstance: {fileID: 0}
  m_PrefabAsset: {fileID: 0}
  serializedVersion: 6
  m_Component:
  - component: {fileID: 3360091345988194727}
  - component: {fileID: 6823102661843236039}
  - component: {fileID: 5752112119820728882}
  m_Layer: 8
  m_Name: Mini-Car_Green_Wheel (1)
  m_TagString: Untagged
  m_Icon: {fileID: 0}
  m_NavMeshLayer: 0
  m_StaticEditorFlags: 0
  m_IsActive: 1
--- !u!4 &3360091345988194727
Transform:
  m_ObjectHideFlags: 0
  m_CorrespondingSourceObject: {fileID: 0}
  m_PrefabInstance: {fileID: 0}
  m_PrefabAsset: {fileID: 0}
  m_GameObject: {fileID: 3239910233073768986}
  m_LocalRotation: {x: -1, y: -0, z: -0, w: 0.00017482042}
  m_LocalPosition: {x: -0.012000008, y: -0.02711, z: -0.0091}
  m_LocalScale: {x: 1, y: 1, z: 1}
  m_Children: []
  m_Father: {fileID: 8202752480635441599}
  m_RootOrder: 1
  m_LocalEulerAnglesHint: {x: -179.98, y: 0, z: 0}
--- !u!33 &6823102661843236039
MeshFilter:
  m_ObjectHideFlags: 0
  m_CorrespondingSourceObject: {fileID: 0}
  m_PrefabInstance: {fileID: 0}
  m_PrefabAsset: {fileID: 0}
  m_GameObject: {fileID: 3239910233073768986}
  m_Mesh: {fileID: -9115645167225277768, guid: add594ff525692f458ce339c4213f667, type: 3}
--- !u!23 &5752112119820728882
MeshRenderer:
  m_ObjectHideFlags: 0
  m_CorrespondingSourceObject: {fileID: 0}
  m_PrefabInstance: {fileID: 0}
  m_PrefabAsset: {fileID: 0}
  m_GameObject: {fileID: 3239910233073768986}
  m_Enabled: 1
  m_CastShadows: 1
  m_ReceiveShadows: 1
  m_DynamicOccludee: 1
  m_MotionVectors: 1
  m_LightProbeUsage: 1
  m_ReflectionProbeUsage: 1
  m_RayTracingMode: 2
  m_RayTraceProcedural: 0
  m_RenderingLayerMask: 1
  m_RendererPriority: 0
  m_Materials:
  - {fileID: -8978598749037407868, guid: add594ff525692f458ce339c4213f667, type: 3}
  - {fileID: 1112781577960538988, guid: add594ff525692f458ce339c4213f667, type: 3}
  - {fileID: -2622459559734103899, guid: add594ff525692f458ce339c4213f667, type: 3}
  m_StaticBatchInfo:
    firstSubMesh: 0
    subMeshCount: 0
  m_StaticBatchRoot: {fileID: 0}
  m_ProbeAnchor: {fileID: 0}
  m_LightProbeVolumeOverride: {fileID: 0}
  m_ScaleInLightmap: 1
  m_ReceiveGI: 1
  m_PreserveUVs: 0
  m_IgnoreNormalsForChartDetection: 0
  m_ImportantGI: 0
  m_StitchLightmapSeams: 1
  m_SelectedEditorRenderState: 3
  m_MinimumChartSize: 4
  m_AutoUVMaxDistance: 0.5
  m_AutoUVMaxAngle: 89
  m_LightmapParameters: {fileID: 0}
  m_SortingLayerID: 0
  m_SortingLayer: 0
  m_SortingOrder: 0
  m_AdditionalVertexStreams: {fileID: 0}
--- !u!1 &7860929088857989800
GameObject:
  m_ObjectHideFlags: 0
  m_CorrespondingSourceObject: {fileID: 0}
  m_PrefabInstance: {fileID: 0}
  m_PrefabAsset: {fileID: 0}
  serializedVersion: 6
  m_Component:
  - component: {fileID: 5820249099418241699}
  - component: {fileID: 5205076482394034255}
  - component: {fileID: 5147062667885095004}
  m_Layer: 8
  m_Name: Mini-Car_Green_Wheel (3)
  m_TagString: Untagged
  m_Icon: {fileID: 0}
  m_NavMeshLayer: 0
  m_StaticEditorFlags: 0
  m_IsActive: 1
--- !u!4 &5820249099418241699
Transform:
  m_ObjectHideFlags: 0
  m_CorrespondingSourceObject: {fileID: 0}
  m_PrefabInstance: {fileID: 0}
  m_PrefabAsset: {fileID: 0}
  m_GameObject: {fileID: 7860929088857989800}
  m_LocalRotation: {x: -1, y: -0, z: -0, w: 0.00017482042}
  m_LocalPosition: {x: -0.012000008, y: 0.05804, z: -0.0091}
  m_LocalScale: {x: 1, y: 1, z: 1}
  m_Children: []
  m_Father: {fileID: 8202752480635441599}
  m_RootOrder: 3
  m_LocalEulerAnglesHint: {x: -179.98, y: 0, z: 0}
--- !u!33 &5205076482394034255
MeshFilter:
  m_ObjectHideFlags: 0
  m_CorrespondingSourceObject: {fileID: 0}
  m_PrefabInstance: {fileID: 0}
  m_PrefabAsset: {fileID: 0}
  m_GameObject: {fileID: 7860929088857989800}
  m_Mesh: {fileID: -9115645167225277768, guid: add594ff525692f458ce339c4213f667, type: 3}
--- !u!23 &5147062667885095004
MeshRenderer:
  m_ObjectHideFlags: 0
  m_CorrespondingSourceObject: {fileID: 0}
  m_PrefabInstance: {fileID: 0}
  m_PrefabAsset: {fileID: 0}
  m_GameObject: {fileID: 7860929088857989800}
  m_Enabled: 1
  m_CastShadows: 1
  m_ReceiveShadows: 1
  m_DynamicOccludee: 1
  m_MotionVectors: 1
  m_LightProbeUsage: 1
  m_ReflectionProbeUsage: 1
  m_RayTracingMode: 2
  m_RayTraceProcedural: 0
  m_RenderingLayerMask: 1
  m_RendererPriority: 0
  m_Materials:
  - {fileID: -8978598749037407868, guid: add594ff525692f458ce339c4213f667, type: 3}
  - {fileID: 1112781577960538988, guid: add594ff525692f458ce339c4213f667, type: 3}
  - {fileID: -2622459559734103899, guid: add594ff525692f458ce339c4213f667, type: 3}
  m_StaticBatchInfo:
    firstSubMesh: 0
    subMeshCount: 0
  m_StaticBatchRoot: {fileID: 0}
  m_ProbeAnchor: {fileID: 0}
  m_LightProbeVolumeOverride: {fileID: 0}
  m_ScaleInLightmap: 1
  m_ReceiveGI: 1
  m_PreserveUVs: 0
  m_IgnoreNormalsForChartDetection: 0
  m_ImportantGI: 0
  m_StitchLightmapSeams: 1
  m_SelectedEditorRenderState: 3
  m_MinimumChartSize: 4
  m_AutoUVMaxDistance: 0.5
  m_AutoUVMaxAngle: 89
  m_LightmapParameters: {fileID: 0}
  m_SortingLayerID: 0
  m_SortingLayer: 0
  m_SortingOrder: 0
  m_AdditionalVertexStreams: {fileID: 0}
--- !u!1 &8123544960817865319
GameObject:
  m_ObjectHideFlags: 0
  m_CorrespondingSourceObject: {fileID: 0}
  m_PrefabInstance: {fileID: 0}
  m_PrefabAsset: {fileID: 0}
  serializedVersion: 6
  m_Component:
  - component: {fileID: 7099186103038683633}
  - component: {fileID: 5534544989706231941}
  - component: {fileID: 1367879783892267100}
  m_Layer: 8
  m_Name: Mini-Car_Green_Wheel
  m_TagString: Untagged
  m_Icon: {fileID: 0}
  m_NavMeshLayer: 0
  m_StaticEditorFlags: 0
  m_IsActive: 1
--- !u!4 &7099186103038683633
Transform:
  m_ObjectHideFlags: 0
  m_CorrespondingSourceObject: {fileID: 0}
  m_PrefabInstance: {fileID: 0}
  m_PrefabAsset: {fileID: 0}
  m_GameObject: {fileID: 8123544960817865319}
  m_LocalRotation: {x: -0, y: 0.0001743138, z: 1, w: 0}
  m_LocalPosition: {x: 0.012000008, y: -0.02711, z: -0.0091}
  m_LocalScale: {x: 1, y: 1, z: 1}
  m_Children: []
  m_Father: {fileID: 8202752480635441599}
  m_RootOrder: 0
  m_LocalEulerAnglesHint: {x: -89.98, y: 180, z: 0}
--- !u!33 &5534544989706231941
MeshFilter:
  m_ObjectHideFlags: 0
  m_CorrespondingSourceObject: {fileID: 0}
  m_PrefabInstance: {fileID: 0}
  m_PrefabAsset: {fileID: 0}
  m_GameObject: {fileID: 8123544960817865319}
  m_Mesh: {fileID: -9115645167225277768, guid: add594ff525692f458ce339c4213f667, type: 3}
--- !u!23 &1367879783892267100
MeshRenderer:
  m_ObjectHideFlags: 0
  m_CorrespondingSourceObject: {fileID: 0}
  m_PrefabInstance: {fileID: 0}
  m_PrefabAsset: {fileID: 0}
  m_GameObject: {fileID: 8123544960817865319}
  m_Enabled: 1
  m_CastShadows: 1
  m_ReceiveShadows: 1
  m_DynamicOccludee: 1
  m_MotionVectors: 1
  m_LightProbeUsage: 1
  m_ReflectionProbeUsage: 1
  m_RayTracingMode: 2
  m_RayTraceProcedural: 0
  m_RenderingLayerMask: 1
  m_RendererPriority: 0
  m_Materials:
  - {fileID: -8978598749037407868, guid: add594ff525692f458ce339c4213f667, type: 3}
  - {fileID: 1112781577960538988, guid: add594ff525692f458ce339c4213f667, type: 3}
  - {fileID: -2622459559734103899, guid: add594ff525692f458ce339c4213f667, type: 3}
  m_StaticBatchInfo:
    firstSubMesh: 0
    subMeshCount: 0
  m_StaticBatchRoot: {fileID: 0}
  m_ProbeAnchor: {fileID: 0}
  m_LightProbeVolumeOverride: {fileID: 0}
  m_ScaleInLightmap: 1
  m_ReceiveGI: 1
  m_PreserveUVs: 0
  m_IgnoreNormalsForChartDetection: 0
  m_ImportantGI: 0
  m_StitchLightmapSeams: 1
  m_SelectedEditorRenderState: 3
  m_MinimumChartSize: 4
  m_AutoUVMaxDistance: 0.5
  m_AutoUVMaxAngle: 89
  m_LightmapParameters: {fileID: 0}
  m_SortingLayerID: 0
  m_SortingLayer: 0
  m_SortingOrder: 0
  m_AdditionalVertexStreams: {fileID: 0}
--- !u!1 &8329474650837436433
GameObject:
  m_ObjectHideFlags: 0
  m_CorrespondingSourceObject: {fileID: 0}
  m_PrefabInstance: {fileID: 0}
  m_PrefabAsset: {fileID: 0}
  serializedVersion: 6
  m_Component:
  - component: {fileID: 35995319369484707}
  - component: {fileID: 4735326670054744794}
  - component: {fileID: 7848298906644556432}
  m_Layer: 8
  m_Name: Mini-Car_Green_Wheel (2)
  m_TagString: Untagged
  m_Icon: {fileID: 0}
  m_NavMeshLayer: 0
  m_StaticEditorFlags: 0
  m_IsActive: 1
--- !u!4 &35995319369484707
Transform:
  m_ObjectHideFlags: 0
  m_CorrespondingSourceObject: {fileID: 0}
  m_PrefabInstance: {fileID: 0}
  m_PrefabAsset: {fileID: 0}
  m_GameObject: {fileID: 8329474650837436433}
  m_LocalRotation: {x: -0, y: 0.0001743138, z: 1, w: 0}
  m_LocalPosition: {x: 0.012000008, y: 0.05804, z: -0.0091}
  m_LocalScale: {x: 1, y: 1, z: 1}
  m_Children: []
  m_Father: {fileID: 8202752480635441599}
  m_RootOrder: 2
  m_LocalEulerAnglesHint: {x: -89.98, y: 180, z: 0}
--- !u!33 &4735326670054744794
MeshFilter:
  m_ObjectHideFlags: 0
  m_CorrespondingSourceObject: {fileID: 0}
  m_PrefabInstance: {fileID: 0}
  m_PrefabAsset: {fileID: 0}
  m_GameObject: {fileID: 8329474650837436433}
  m_Mesh: {fileID: -9115645167225277768, guid: add594ff525692f458ce339c4213f667, type: 3}
--- !u!23 &7848298906644556432
MeshRenderer:
  m_ObjectHideFlags: 0
  m_CorrespondingSourceObject: {fileID: 0}
  m_PrefabInstance: {fileID: 0}
  m_PrefabAsset: {fileID: 0}
  m_GameObject: {fileID: 8329474650837436433}
  m_Enabled: 1
  m_CastShadows: 1
  m_ReceiveShadows: 1
  m_DynamicOccludee: 1
  m_MotionVectors: 1
  m_LightProbeUsage: 1
  m_ReflectionProbeUsage: 1
  m_RayTracingMode: 2
  m_RayTraceProcedural: 0
  m_RenderingLayerMask: 1
  m_RendererPriority: 0
  m_Materials:
  - {fileID: -8978598749037407868, guid: add594ff525692f458ce339c4213f667, type: 3}
  - {fileID: 1112781577960538988, guid: add594ff525692f458ce339c4213f667, type: 3}
  - {fileID: -2622459559734103899, guid: add594ff525692f458ce339c4213f667, type: 3}
  m_StaticBatchInfo:
    firstSubMesh: 0
    subMeshCount: 0
  m_StaticBatchRoot: {fileID: 0}
  m_ProbeAnchor: {fileID: 0}
  m_LightProbeVolumeOverride: {fileID: 0}
  m_ScaleInLightmap: 1
  m_ReceiveGI: 1
  m_PreserveUVs: 0
  m_IgnoreNormalsForChartDetection: 0
  m_ImportantGI: 0
  m_StitchLightmapSeams: 1
  m_SelectedEditorRenderState: 3
  m_MinimumChartSize: 4
  m_AutoUVMaxDistance: 0.5
  m_AutoUVMaxAngle: 89
  m_LightmapParameters: {fileID: 0}
  m_SortingLayerID: 0
  m_SortingLayer: 0
  m_SortingOrder: 0
  m_AdditionalVertexStreams: {fileID: 0}
--- !u!1 &8835454745356962565
GameObject:
  m_ObjectHideFlags: 0
  m_CorrespondingSourceObject: {fileID: 0}
  m_PrefabInstance: {fileID: 0}
  m_PrefabAsset: {fileID: 0}
  serializedVersion: 6
  m_Component:
  - component: {fileID: 8202752480635441599}
  - component: {fileID: 5078332490888109594}
  - component: {fileID: 7033825709867215568}
  m_Layer: 0
  m_Name: Truck_Gree
  m_TagString: Untagged
  m_Icon: {fileID: 0}
  m_NavMeshLayer: 0
  m_StaticEditorFlags: 0
  m_IsActive: 1
--- !u!4 &8202752480635441599
Transform:
  m_ObjectHideFlags: 0
  m_CorrespondingSourceObject: {fileID: 0}
  m_PrefabInstance: {fileID: 0}
  m_PrefabAsset: {fileID: 0}
  m_GameObject: {fileID: 8835454745356962565}
  m_LocalRotation: {x: -0.7071068, y: 0, z: -0, w: 0.7071067}
  m_LocalPosition: {x: 0, y: 1.22, z: 1.07}
  m_LocalScale: {x: 100, y: 100, z: 100}
  m_Children:
  - {fileID: 7099186103038683633}
  - {fileID: 3360091345988194727}
  - {fileID: 35995319369484707}
  - {fileID: 5820249099418241699}
  m_Father: {fileID: 8208890044546553992}
  m_RootOrder: 0
  m_LocalEulerAnglesHint: {x: 0, y: 0, z: 0}
--- !u!33 &5078332490888109594
MeshFilter:
  m_ObjectHideFlags: 0
  m_CorrespondingSourceObject: {fileID: 0}
  m_PrefabInstance: {fileID: 0}
  m_PrefabAsset: {fileID: 0}
  m_GameObject: {fileID: 8835454745356962565}
  m_Mesh: {fileID: -5562841286957174051, guid: 20c43c08049dded4ba857adf938be8a0, type: 3}
--- !u!23 &7033825709867215568
MeshRenderer:
  m_ObjectHideFlags: 0
  m_CorrespondingSourceObject: {fileID: 0}
  m_PrefabInstance: {fileID: 0}
  m_PrefabAsset: {fileID: 0}
  m_GameObject: {fileID: 8835454745356962565}
  m_Enabled: 1
  m_CastShadows: 1
  m_ReceiveShadows: 1
  m_DynamicOccludee: 1
  m_MotionVectors: 1
  m_LightProbeUsage: 1
  m_ReflectionProbeUsage: 1
  m_RayTracingMode: 2
  m_RayTraceProcedural: 0
  m_RenderingLayerMask: 1
  m_RendererPriority: 0
  m_Materials:
  - {fileID: -5569736511746365007, guid: 20c43c08049dded4ba857adf938be8a0, type: 3}
  - {fileID: -390993679314196139, guid: 20c43c08049dded4ba857adf938be8a0, type: 3}
  - {fileID: -4144296243524951812, guid: 20c43c08049dded4ba857adf938be8a0, type: 3}
  - {fileID: -8896051167825165466, guid: 20c43c08049dded4ba857adf938be8a0, type: 3}
  - {fileID: -5082128873786255347, guid: 20c43c08049dded4ba857adf938be8a0, type: 3}
  - {fileID: -3229970176847324612, guid: 20c43c08049dded4ba857adf938be8a0, type: 3}
  - {fileID: 510916628633269237, guid: 20c43c08049dded4ba857adf938be8a0, type: 3}
  - {fileID: -6271897200390792742, guid: 20c43c08049dded4ba857adf938be8a0, type: 3}
  - {fileID: 1008949285609258283, guid: 20c43c08049dded4ba857adf938be8a0, type: 3}
  m_StaticBatchInfo:
    firstSubMesh: 0
    subMeshCount: 0
  m_StaticBatchRoot: {fileID: 0}
  m_ProbeAnchor: {fileID: 0}
  m_LightProbeVolumeOverride: {fileID: 0}
  m_ScaleInLightmap: 1
  m_ReceiveGI: 1
  m_PreserveUVs: 0
  m_IgnoreNormalsForChartDetection: 0
  m_ImportantGI: 0
  m_StitchLightmapSeams: 1
  m_SelectedEditorRenderState: 3
  m_MinimumChartSize: 4
  m_AutoUVMaxDistance: 0.5
  m_AutoUVMaxAngle: 89
  m_LightmapParameters: {fileID: 0}
  m_SortingLayerID: 0
  m_SortingLayer: 0
  m_SortingOrder: 0
  m_AdditionalVertexStreams: {fileID: 0}
